%% This BibTeX bibliography file was created using BibDesk.
%% http://bibdesk.sourceforge.net/


%% Created for Lauro Cesar Araujo at 2015-04-27 19:43:45 -0300 


%% Saved with string encoding Unicode (UTF-8) 

@book{russel2013,
        address = {S\~ao Paulo},
	author = {Stuart Russel and Peter Norvig},
	publisher = {Elsevier Editora},
	title = {Intelig{\^e}ncia artificial - Uma abordagem moderna},
	edition = {3},
	year = {2013}
}

@article{justosilva2021,
        author = {Rita Justo-Silva},
        title = {Review on Machine Learning Techniques for Developing Pavement Performance Prediction Models},
        journal = {Sustainability},
        year = {2021},
        volume = {13},
        number = {9}
}

@article{stanley2002,
        author = {Kenneth O. Stanley and Risto Miikkulainen},
        title = {Evolving Neural Networks through Augmenting Topologies.},
        journal = {Evolutionary Computation.},
        year = {2002},
        volume = {10},
        number = {2}
}

@article{voulodimos2018,
        author = {Athanasios Voulodimos and Nikolaos Doulamis and Anastasios Doulamis and Eftychios Protopapadakis},
        title = {Deep Learning for Computer Vision: A Brief Review},
        journal = {Computational Intelligence and Neuroscience.},
        year = {2018},
        volume = {2018}
}

@mastersthesis{paulino2018,
        author = {Arthur Leonardo de Alencar Paulino},
        title = {Neuroevolu{\c c}{\~a}o de topologias aumentantes com melhorias culturais.},
        school = {Universidade Federal do Cear{\'a}},
        year = {2018},
        address = {Fortaleza},
}

@mastersthesis{arruda2015,
        author = {Tiago Amadeu Arruda},
        title = {Arquitetura de Hardware e Software para Supervis{\~a}o e Controle de um Carro Aut{\^o}nomo},
        school = {Universidade Federal de Minas Gerais},
        year = {2015},
        address = {Belo Horizonte},
}

@inproceedings{cox2020,
        author    = {David Cox},
        title     = {Neuro Symbolic {AI}},
	booktitle = {Brazilian Conference on Intelligent Systems},
        year      = {2020},
        publisher = {BRACIS},
        address   = {Rio Grande, RS}
}

@misc{nystrom2022,
        title        = {Game Programming Patterns},
        author       = {Robert Nystrom},
        howpublished = {\url{https://www.gameprogrammingpatterns.com}},
        year         = {2022},
        note         = {Acessado em: 2022-04-03}
}

@inproceedings{engstrom2020,
	title={Implementation Matters in Deep RL: A Case Study on {PPO} and {TRPO}},
	author={Logan Engstrom and Andrew Ilyas and Shibani Santurkar and Dimitris Tsipras and Firdaus Janoos and Larry Rudolph and Aleksander Madry},
	booktitle={International Conference on Learning Representations},
	year={2020},
	url={https://openreview.net/forum?id=r1etN1rtPB}
}

@INPROCEEDINGS{mohammad2018,
	author={Jbair, Mohammad and Ahmad, Bilal and Ahmad, Mus'ab H. and Harrison, Robert},
	booktitle={2018 IEEE Industrial Cyber-Physical Systems (ICPS)}, 
	title={Industrial cyber physical systems: A survey for control-engineering tools}, 
	year={2018},
	volume={},
	number={},
	pages={270-276},
	doi={10.1109/ICPHYS.2018.8387671}}

@article{guney2017,
	author    = {Joel Janai and Fatma G{\"{u}}ney and Aseem Behl and Andreas Geiger},
	title     = {Computer Vision for Autonomous Vehicles: Problems, Datasets and State-of-the-Art},
	journal   = {CoRR},
	volume    = {abs/1704.05519},
	year      = {2017},
	url       = {http://arxiv.org/abs/1704.05519},
	eprinttype = {arXiv},
	eprint    = {1704.05519},
	timestamp = {Fri, 20 Nov 2020 13:22:20 +0100},
	biburl    = {https://dblp.org/rec/journals/corr/JanaiGBG17.bib},
	bibsource = {dblp computer science bibliography, https://dblp.org}
}

@article{saputra2021,
	author    = {Roni Permana Saputra and Estiko Rijanto},
	title     = {Automatic Guided Vehicles System and Its Coordination Control for Containers Terminal Logistics Application},
	journal   = {CoRR},
	volume    = {abs/2104.08331},
	year      = {2021},
	url       = {https://arxiv.org/abs/2104.08331},
	eprinttype = {arXiv},
	eprint    = {2104.08331},
	timestamp = {Mon, 26 Apr 2021 17:25:10 +0200},
	biburl    = {https://dblp.org/rec/journals/corr/abs-2104-08331.bib},
	bibsource = {dblp computer science bibliography, https://dblp.org}
}

@misc{ibm2019,
        title        = "What is Computer Vision?",
        author       = "{IBM}",
        howpublished = "\url{https://www.ibm.com/topics/computer-vision}",
        year         = 2019,
        note         = "Acessado em: 2022-05-03"
}

@misc{townsend2020,
        title        = "The 100-Year History of Self-Driving Cars",
        author       = "{Anthony Townsend}",
        howpublished = "\url{https://onezero.medium.com/the-100-year-history-of-self-driving-vehicles-10b8546a3318}",
        year         = 2020,
        note         = "Acessado em: 2022-05-03"
}

@misc{estadao2020,
        title        = "Primeiro projeto de carro autônomo data de 1920",
        author       = "{Estad{\~a}o}",
        howpublished = "\url{https://summitmobilidade.estadao.com.br/carros-autonomos/primeiro-projeto-de-carro-autonomo-data-de-1920/}",
        year         = 2020,
        note         = "Acessado em: 2022-05-03"
}

@misc{usp2016,
        title        = "Veículos Autônomos",
        author       = "{LDSV - USP}",
        howpublished = "\url{http://www.usp.br/ldsv/?page_id=1856}",
        year         = 2016,
        note         = "Acessado em: 2022-05-03"
}

@article{kumar2016,
        author = {Suman Kumar Das and M. K. Pasan},
        year = {2016},
        month = {04},
        pages = {},
        title = {Design and Methodology of Automated Guided Vehicle},
        journal = {IOSR journal of mechanical and civil engineering}
}
